<?xml version="1.0" encoding="UTF-8"?><collection xmlns="http://www.loc.gov/MARC21/slim"><record><leader>00406nam--2200133-i-4500</leader><controlfield tag="001">000012230</controlfield><controlfield tag="002">20161230</controlfield><controlfield tag="005">20161230201029</controlfield><controlfield tag="008">060222s1000------------r-----000-0-eng-d</controlfield><datafield ind1=" " ind2=" " tag="080"><subfield code="a">658.5:338.061</subfield></datafield><datafield ind1=" " ind2=" " tag="100"><subfield code="a">Calinescu,Valentin</subfield></datafield><datafield ind1=" " ind2=" " tag="245"><subfield code="a">Proiectarea moderna a intreprinderilor indus- triale premisa a eficientei inventiilor</subfield></datafield><datafield ind1=" " ind2=" " tag="260"><subfield code="a">Bucuresti,Centrul De Documentare Tehnoca,1971. 103p</subfield></datafield><datafield ind1=" " ind2=" " tag="852"><subfield code="a">45073</subfield></datafield></record></collection>